@article{stoll2017maboss,
  title={MaBoSS 2.0: an environment for stochastic Boolean modeling},
  author={Stoll, Gautier and Caron, Barth{\'e}l{\'e}my and Viara, Eric and Dugourd, Aur{\'e}lien and Zinovyev, Andrei and Naldi, Aur{\'e}lien and Kroemer, Guido and Barillot, Emmanuel and Calzone, Laurence},
  journal={Bioinformatics},
  volume={33},
  number={14},
  pages={2226--2228},
  year={2017},
  publisher={Oxford University Press}
}
@article{stoll2012continuous,
  title={Continuous time Boolean modeling for biological signaling: application of Gillespie algorithm},
  author={Stoll, Gautier and Viara, Eric and Barillot, Emmanuel and Calzone, Laurence},
  journal={BMC systems biology},
  volume={6},
  number={1},
  pages={1--18},
  year={2012},
  publisher={BioMed Central}
}
@article{sizek2019boolean,
  title={Boolean model of growth signaling, cell cycle and apoptosis predicts the molecular mechanism of aberrant cell cycle progression driven by hyperactive PI3K},
  author={Sizek, Herbert and Hamel, Andrew and Deritei, D{\'a}vid and Campbell, Sarah and Ravasz Regan, Erzs{\'e}bet},
  journal={PLoS computational biology},
  volume={15},
  number={3},
  pages={e1006402},
  year={2019},
  publisher={Public Library of Science San Francisco, CA USA}
}
